@book{bok,
  title={Marine Craft Hydrodynamics and Motion Control},
  author={Thor I. Fossen},
  isbn={978-1-119-99149-6},
  year={2011},
  publisher={Wiley}
}

@book{bok2,
  title={Nonlinear Systems, Third Edition},
  author={Hassan K Khalil},
  isbn={978-0130673893},
  year={2002},
  publisher={Pearson}
}

