@book{fossen,
  title={Marine Craft Hydrodynamics and Motion Control},
  author={Thor I. Fossen},
  isbn={978-1-119-99149-6},
  year={2011},
  publisher={Wiley}
}

@book{beard,
  title={Small Unmanned Aircraft},
  author={Randal W. Beard, Timothy W. Mclain}
}